[gd_scene load_steps=10 format=2]

[ext_resource path="res://Scenes/ElasticAnimatedSprite.png" type="Texture" id=1]
[ext_resource path="res://Scenes/Elastic.gd" type="Script" id=2]

[sub_resource type="CircleShape2D" id=7]

[sub_resource type="AtlasTexture" id=1]
atlas = ExtResource( 1 )
region = Rect2( 0, 0, 16, 16 )

[sub_resource type="AtlasTexture" id=2]
atlas = ExtResource( 1 )
region = Rect2( 16, 0, 16, 16 )

[sub_resource type="AtlasTexture" id=3]
atlas = ExtResource( 1 )
region = Rect2( 32, 0, 16, 16 )

[sub_resource type="AtlasTexture" id=4]
atlas = ExtResource( 1 )
region = Rect2( 0, 16, 16, 16 )

[sub_resource type="AtlasTexture" id=5]
atlas = ExtResource( 1 )
region = Rect2( 16, 16, 16, 16 )

[sub_resource type="SpriteFrames" id=6]
animations = [ {
"frames": [ SubResource( 1 ), SubResource( 2 ), SubResource( 3 ), SubResource( 4 ), SubResource( 5 ) ],
"loop": true,
"name": "default",
"speed": 5.0
} ]

[node name="Elastic" type="Node2D"]
script = ExtResource( 2 )

[node name="Area2D" type="Area2D" parent="."]

[node name="CollisionShape2D" type="CollisionShape2D" parent="Area2D"]
shape = SubResource( 7 )

[node name="AnimatedSprite" type="AnimatedSprite" parent="."]
frames = SubResource( 6 )
frame = 4
playing = true

[connection signal="body_entered" from="Area2D" to="." method="_on_Area2D_body_entered"]
